<?xml version="1.0" encoding="UTF-8"?><collection xmlns="http://www.loc.gov/MARC21/slim"><record><leader>00605nam--2200193-i-4500</leader><controlfield tag="001">000001653</controlfield><controlfield tag="002">20161230</controlfield><controlfield tag="005">20161230201024</controlfield><controlfield tag="008">060222s1000------------r-----000-0-fre-d</controlfield><datafield ind1=" " ind2=" " tag="040"><subfield code="a">IFIN-HH</subfield></datafield><datafield ind1=" " ind2=" " tag="041"><subfield code="a">fre</subfield></datafield><datafield ind1=" " ind2=" " tag="080"><subfield code="a">539.122.03:539.173.84</subfield></datafield><datafield ind1="1" ind2=" " tag="100"><subfield code="a">Frehaut,J/S.A.</subfield></datafield><datafield ind1="1" ind2="0" tag="245"><subfield code="a">Nuotrons et rayons gamma prompts emis lors de la fission de 239 pu induite par des neutrons de resonances</subfield><subfield code="c">J. frehaut, m. le bars</subfield></datafield><datafield ind1=" " ind2=" " tag="260"><subfield code="a">Bruyeres-le-chatel</subfield><subfield code="b">Service De Physique Nucleaire</subfield><subfield code="c">1973</subfield></datafield><datafield ind1=" " ind2=" " tag="300"><subfield code="a">5 P + 3 FIG</subfield></datafield><datafield ind1=" " ind2=" " tag="700"><subfield code="a">Baers, M. De</subfield></datafield><datafield ind1=" " ind2=" " tag="852"><subfield code="a">39149</subfield><subfield code="c">539.17</subfield></datafield><datafield ind1=" " ind2=" " tag="CAT"><subfield code="a">Sys</subfield><subfield code="c">20120611</subfield><subfield code="h">103152</subfield></datafield></record></collection>